@book{ammari2022balancing,
  title={Cours Projet d’intégration},
  author={I.Ammari },
  year={2021-2022},
  publisher={ISET Rades}
}
@inproceedings{vasantha2016online,
  title={Online survey tools: A case study of Google Forms},
  author={Vasantha Raju, N and Harinarayana, NS},
  booktitle={National Conference on Scientific, Computational \& Information Research Trends in Engineering, GSSS-IETW, Mysore},
  year={2016}
}
@article{lima2020practical,
  title={Practical detection of CMS plugin conflicts in large plugin sets},
  author={Lima, Igor and C{\^a}ndido, Jeanderson and d’Amorim, Marcelo},
  journal={Information and Software Technology},
  volume={118},
  pages={106212},
  year={2020},
  publisher={Elsevier}
}
@article{highsmith2001agile,
  title={Agile software development: The business of innovation},
  author={Highsmith, Jim and Cockburn, Alistair},
  journal={Computer},
  volume={34},
  number={9},
  pages={120--127},
  year={2001},
  publisher={IEEE}
}
@book{boehm2004balancing,
  title={Balancing agility and discipline: A guide for the perplexed},
  author={Boehm, Barry W and Boehm, Barry and Turner, Richard},
  year={2004},
  publisher={Addison-Wesley Professional}
}
@book{larman2004agile,
  title={Agile and iterative development: a manager's guide},
  author={Larman, Craig},
  year={2004},
  publisher={Pearson Education India}
}
@article{fowler2008new,
  title={The new methodology. 2005},
  author={Fowler, Martin},
  journal={Online at http://www. martinfowler. com/articles/newMethodology. html (accessed March 2008)},
  year={2008}
}
@inproceedings{abbas2008historical,
  title={Historical roots of agile methods: Where did “Agile thinking” come from?},
  author={Abbas, Noura and Gravell, Andrew M and Wills, Gary B},
  booktitle={International conference on agile processes and extreme programming in software engineering},
  pages={94--103},
  year={2008},
  organization={Springer}
}
@article{sverrisdottir2014role,
  title={The role of the product owner in scrum-comparison between theory and practices},
  author={Sverrisdottir, Hrafnhildur Sif and Ingason, Helgi Thor and Jonasson, Haukur Ingi},
  journal={Procedia-Social and Behavioral Sciences},
  volume={119},
  pages={257--267},
  year={2014},
  publisher={Elsevier}
}
@article{takeuchi1986new,
  title={The new new product development game},
  author={Takeuchi, Hirotaka and Nonaka, Ikujiro},
  journal={Harvard business review},
  volume={64},
  number={1},
  pages={137--146},
  year={1986}
}
@article{sutherland2012scrum,
  title={The Scrum Papers: Nut, Bolts, and Origins of an Agile Framework, Scrum},
  author={Sutherland, J and Schwaber, K},
  journal={Inc., Cambridge},
  year={2012}
}